@article{witmer1998measuring,
  title={Measuring presence in virtual environments: A presence questionnaire},
  author={Witmer, Bob G and Singer, Michael J},
  journal={Presence: Teleoperators and virtual environments},
  volume={7},
  number={3},
  pages={225--240},
  year={1998},
  publisher={MIT Press}
}

@inproceedings{bowman1997evaluation,
  title={An evaluation of techniques for grabbing and manipulating remote objects in immersive virtual environments},
  author={Bowman, Doug A and Hodges, Larry F},
  booktitle={Proceedings of the 1997 symposium on Interactive 3D graphics},
  pages={35--ff},
  year={1997},
  organization={ACM}
}

@inproceedings{poupyrev1997framework,
  title={A framework and testbed for studying manipulation techniques for immersive VR},
  author={Poupyrev, Ivan and Weghorst, Suzanne and Billinghurst, Mark and Ichikawa, Tadao},
  booktitle={Proceedings of the ACM symposium on Virtual reality software and technology},
  pages={21--28},
  year={1997},
  organization={ACM}
}