@misc{website:steam,
  author = {{Steam}},
  title = {{The Lab}},
  howpublished = {\url{http://store.steampowered.com/app/450390/}},
  note = {Aufgerufen: 28. März 2017}
}

@misc{website:TU,
  author = {{Technische Hochschule Chemnitz}},
  title = {{Human-Machine Interaction Lab}},
  howpublished = {\url{https://www.tu-chemnitz.de/mb/ArbeitsWiss/forschung/labore/human_machine_interaction_lab}},
  note = {Aufgerufen: 28. März 2017}
}

@article{lin2016towards,
  title={Towards Naturally Grabbing and Moving Objects in VR},
  author={Lin, Jonathan and Schulze, J{\"u}rgen P},
  journal={Electronic Imaging},
  volume={2016},
  number={4},
  pages={1--6},
  year={2016},
  publisher={Society for Imaging Science and Technology}
}